<?xml version="1.0" encoding="UTF-8" standalone="no"?>
<?xml-stylesheet type='text/xsl' href='/webservices/catalog/xsl/searchRetrieveResponse.xsl'?>

<searchRetrieveResponse xmlns="http://www.loc.gov/zing/srw/" xmlns:oclcterms="http://purl.org/oclc/terms/" xmlns:dc="http://purl.org/dc/elements/1.1/" xmlns:diag="http://www.loc.gov/zing/srw/diagnostic/" xmlns:xsi="http://www.w3.org/2001/XMLSchema-instance">
<version>1.1</version>
<numberOfRecords>3</numberOfRecords>
<records>
<record>
<recordSchema>marcxml</recordSchema>
<recordPacking>xml</recordPacking>
<recordData>
<record xmlns="http://www.loc.gov/MARC21/slim">
    <leader>00000cam a2200000 i 4500</leader>
    <controlfield tag="001">946277301</controlfield>
    <controlfield tag="008">160408s2017    mnua   j b    001 0deng  </controlfield>
    <datafield ind1=" " ind2=" " tag="010">
      <subfield code="a">  2016005337</subfield>
    </datafield>
    <datafield ind1=" " ind2=" " tag="040">
      <subfield code="a">DLC</subfield>
      <subfield code="b">eng</subfield>
      <subfield code="e">rda</subfield>
      <subfield code="c">DLC</subfield>
      <subfield code="d">BTCTA</subfield>
      <subfield code="d">BDX</subfield>
      <subfield code="d">OCLCF</subfield>
      <subfield code="d">FM0</subfield>
      <subfield code="d">YDXCP</subfield>
      <subfield code="d">QBX</subfield>
      <subfield code="d">GL3</subfield>
      <subfield code="d">JTD</subfield>
      <subfield code="d">OCLCO</subfield>
      <subfield code="d">CHILD</subfield>
      <subfield code="d">OCLCQ</subfield>
      <subfield code="d">QQ3</subfield>
      <subfield code="d">OCLCO</subfield>
      <subfield code="d">MRV</subfield>
      <subfield code="d">LKC</subfield>
      <subfield code="d">OCLCO</subfield>
      <subfield code="d">LE8</subfield>
    </datafield>
    <datafield ind1=" " ind2=" " tag="019">
      <subfield code="a">946547918</subfield>
    </datafield>
    <datafield ind1=" " ind2=" " tag="020">
      <subfield code="a">9781515713289</subfield>
      <subfield code="q">(library binding)</subfield>
    </datafield>
    <datafield ind1=" " ind2=" " tag="020">
      <subfield code="a">1515713288</subfield>
      <subfield code="q">(library binding)</subfield>
    </datafield>
    <datafield ind1=" " ind2=" " tag="020">
      <subfield code="a">9781515713364</subfield>
      <subfield code="q">(pbk.)</subfield>
    </datafield>
    <datafield ind1=" " ind2=" " tag="020">
      <subfield code="a">1515713369</subfield>
      <subfield code="q">(pbk.)</subfield>
    </datafield>
    <datafield ind1="1" ind2=" " tag="029">
      <subfield code="a">AU@</subfield>
      <subfield code="b">000057272066</subfield>
    </datafield>
    <datafield ind1=" " ind2=" " tag="037">
      <subfield code="a">1408534</subfield>
      <subfield code="b">QBI</subfield>
    </datafield>
    <datafield ind1=" " ind2=" " tag="042">
      <subfield code="a">pcc</subfield>
    </datafield>
    <datafield ind1=" " ind2=" " tag="043">
      <subfield code="a">e-uk-en</subfield>
    </datafield>
    <datafield ind1="0" ind2="0" tag="050">
      <subfield code="a">PR6068.O93</subfield>
      <subfield code="b">Z7336 2017</subfield>
    </datafield>
    <datafield ind1="0" ind2="0" tag="082">
      <subfield code="a">823/.914</subfield>
      <subfield code="a">B</subfield>
      <subfield code="2">23</subfield>
    </datafield>
    <datafield ind1="1" ind2=" " tag="100">
      <subfield code="a">Hunsicker, Jennifer,</subfield>
      <subfield code="e">author.</subfield>
    </datafield>
    <datafield ind1="1" ind2="0" tag="245">
      <subfield code="a">J.K. Rowling :</subfield>
      <subfield code="b">author of the Harry Potter series /</subfield>
      <subfield code="c">by Jennifer Hunsicker.</subfield>
    </datafield>
    <datafield ind1=" " ind2="1" tag="264">
      <subfield code="a">North Mankato, Minnesota :</subfield>
      <subfield code="b">Capstone Press,</subfield>
      <subfield code="c">[2017]</subfield>
    </datafield>
    <datafield ind1=" " ind2=" " tag="300">
      <subfield code="a">32 pages :</subfield>
      <subfield code="b">illustrations ;</subfield>
      <subfield code="c">27 cm.</subfield>
    </datafield>
    <datafield ind1=" " ind2=" " tag="336">
      <subfield code="a">text</subfield>
      <subfield code="b">txt</subfield>
      <subfield code="2">rdacontent</subfield>
    </datafield>
    <datafield ind1=" " ind2=" " tag="337">
      <subfield code="a">unmediated</subfield>
      <subfield code="b">n</subfield>
      <subfield code="2">rdamedia</subfield>
    </datafield>
    <datafield ind1=" " ind2=" " tag="338">
      <subfield code="a">volume</subfield>
      <subfield code="b">nc</subfield>
      <subfield code="2">rdacarrier</subfield>
    </datafield>
    <datafield ind1="1" ind2=" " tag="490">
      <subfield code="a">Snap books. Famous female authors</subfield>
    </datafield>
    <datafield ind1=" " ind2=" " tag="504">
      <subfield code="a">Includes bibliographical references (page 31) and index.</subfield>
    </datafield>
    <datafield ind1="0" ind2=" " tag="505">
      <subfield code="a">Harry Potter fever -- Meet Jo -- College and work -- Marriage and baby -- Challenges and dreams -- Success and what to do with it -- Other projects.</subfield>
    </datafield>
    <datafield ind1=" " ind2=" " tag="520">
      <subfield code="a">Discusses the life and work of author J.K. Rowling.</subfield>
    </datafield>
    <datafield ind1="1" ind2="0" tag="600">
      <subfield code="a">Rowling, J. K.</subfield>
      <subfield code="v">Juvenile literature.</subfield>
    </datafield>
    <datafield ind1="1" ind2="1" tag="600">
      <subfield code="a">Rowling, J. K.</subfield>
    </datafield>
    <datafield ind1="1" ind2="7" tag="600">
      <subfield code="a">Rowling, J. K.</subfield>
      <subfield code="2">fast</subfield>
      <subfield code="0">(OCoLC)fst00401675</subfield>
    </datafield>
    <datafield ind1=" " ind2="0" tag="650">
      <subfield code="a">Authors, English</subfield>
      <subfield code="y">20th century</subfield>
      <subfield code="v">Biography</subfield>
      <subfield code="v">Juvenile literature.</subfield>
    </datafield>
    <datafield ind1=" " ind2="0" tag="650">
      <subfield code="a">Children's stories</subfield>
      <subfield code="x">Authorship</subfield>
      <subfield code="v">Juvenile literature.</subfield>
    </datafield>
    <datafield ind1=" " ind2="1" tag="650">
      <subfield code="a">Authors, English</subfield>
      <subfield code="y">20th century</subfield>
      <subfield code="v">Biography.</subfield>
    </datafield>
    <datafield ind1=" " ind2="1" tag="650">
      <subfield code="a">Children's stories</subfield>
      <subfield code="x">Authorship.</subfield>
    </datafield>
    <datafield ind1=" " ind2="7" tag="650">
      <subfield code="a">Authors, English.</subfield>
      <subfield code="2">fast</subfield>
      <subfield code="0">(OCoLC)fst00821945</subfield>
    </datafield>
    <datafield ind1=" " ind2="7" tag="650">
      <subfield code="a">Children's stories</subfield>
      <subfield code="x">Authorship.</subfield>
      <subfield code="2">fast</subfield>
      <subfield code="0">(OCoLC)fst00856634</subfield>
    </datafield>
    <datafield ind1=" " ind2="7" tag="650">
      <subfield code="a">Children's stories</subfield>
      <subfield code="x">Authorship.</subfield>
      <subfield code="2">sears</subfield>
    </datafield>
    <datafield ind1=" " ind2="7" tag="650">
      <subfield code="a">Authors, English</subfield>
      <subfield code="y">20th century.</subfield>
      <subfield code="2">sears</subfield>
    </datafield>
    <datafield ind1=" " ind2="7" tag="648">
      <subfield code="a">1900-1999</subfield>
      <subfield code="2">fast</subfield>
    </datafield>
    <datafield ind1=" " ind2="4" tag="655">
      <subfield code="a">Nonfiction.</subfield>
    </datafield>
    <datafield ind1=" " ind2="0" tag="655">
      <subfield code="a">Biographies, Juvenile.</subfield>
    </datafield>
    <datafield ind1=" " ind2="7" tag="655">
      <subfield code="a">Biographies.</subfield>
      <subfield code="2">fast</subfield>
      <subfield code="0">(OCoLC)fst01919896</subfield>
    </datafield>
    <datafield ind1=" " ind2="7" tag="655">
      <subfield code="a">Biography.</subfield>
      <subfield code="2">fast</subfield>
      <subfield code="0">(OCoLC)fst01423686</subfield>
    </datafield>
    <datafield ind1=" " ind2="7" tag="655">
      <subfield code="a">Juvenile works.</subfield>
      <subfield code="2">fast</subfield>
      <subfield code="0">(OCoLC)fst01411637</subfield>
    </datafield>
    <datafield ind1=" " ind2="7" tag="655">
      <subfield code="a">Biographies.</subfield>
      <subfield code="2">gsafd</subfield>
    </datafield>
    <datafield ind1=" " ind2="7" tag="655">
      <subfield code="a">Biographies.</subfield>
      <subfield code="2">lcgft</subfield>
    </datafield>
    <datafield ind1="0" ind2="8" tag="776">
      <subfield code="i">Online version:</subfield>
      <subfield code="a">Hunsicker, Jennifer.</subfield>
      <subfield code="t">J.K. Rowling.</subfield>
      <subfield code="d">North Mankato, Minnesota : Capstone Press, 2017</subfield>
      <subfield code="z">9781515713401</subfield>
      <subfield code="w">(DLC)  2016016891</subfield>
    </datafield>
    <datafield ind1=" " ind2="0" tag="830">
      <subfield code="a">Snap books.</subfield>
      <subfield code="p">Famous female authors.</subfield>
    </datafield>
    <datafield ind1=" " ind2=" " tag="938">
      <subfield code="a">Brodart</subfield>
      <subfield code="b">BROD</subfield>
      <subfield code="n">115364404</subfield>
    </datafield>
    <datafield ind1=" " ind2=" " tag="938">
      <subfield code="a">Baker and Taylor</subfield>
      <subfield code="b">BTCP</subfield>
      <subfield code="n">BK0018692471</subfield>
    </datafield>
    <datafield ind1=" " ind2=" " tag="938">
      <subfield code="a">Children's Plus, Inc.</subfield>
      <subfield code="b">CHIL</subfield>
      <subfield code="n">1972617</subfield>
    </datafield>
    <datafield ind1=" " ind2=" " tag="938">
      <subfield code="a">Children's Plus, Inc.</subfield>
      <subfield code="b">CHIL</subfield>
      <subfield code="n">1972621</subfield>
    </datafield>
    <datafield ind1=" " ind2=" " tag="938">
      <subfield code="a">Quality Books, Inc.</subfield>
      <subfield code="b">QUAL</subfield>
      <subfield code="n">a  16005337</subfield>
    </datafield>
    <datafield ind1=" " ind2=" " tag="938">
      <subfield code="a">YBP Library Services</subfield>
      <subfield code="b">YANK</subfield>
      <subfield code="n">12941372</subfield>
    </datafield>
    <datafield ind1=" " ind2=" " tag="938">
      <subfield code="a">YBP Library Services</subfield>
      <subfield code="b">YANK</subfield>
      <subfield code="n">12941368</subfield>
    </datafield>
  </record>
</recordData>
</record>