
<record>
<recordSchema>marcxml</recordSchema>
<recordPacking>xml</recordPacking>
<recordData>
<record xmlns="http://www.loc.gov/MARC21/slim">
    <leader>00000cam a22000008i 4500</leader>
    <controlfield tag="001">946277623</controlfield>
    <controlfield tag="006">m     o  d        </controlfield>
    <controlfield tag="007">cr |||||||||||</controlfield>
    <controlfield tag="008">160408s2017    mnu    job    001 0deng  </controlfield>
    <datafield ind1=" " ind2=" " tag="010">
      <subfield code="a">  2016016891</subfield>
    </datafield>
    <datafield ind1=" " ind2=" " tag="040">
      <subfield code="a">DLC</subfield>
      <subfield code="b">eng</subfield>
      <subfield code="e">rda</subfield>
      <subfield code="c">DLC</subfield>
      <subfield code="d">OCLCO</subfield>
      <subfield code="d">OCLCF</subfield>
      <subfield code="d">OCLCO</subfield>
      <subfield code="d">OCLCQ</subfield>
    </datafield>
    <datafield ind1=" " ind2=" " tag="020">
      <subfield code="a">9781515713401</subfield>
      <subfield code="q">(eBook PDF)</subfield>
    </datafield>
    <datafield ind1=" " ind2=" " tag="020">
      <subfield code="a">1515713407</subfield>
      <subfield code="q">(eBook PDF)</subfield>
    </datafield>
    <datafield ind1=" " ind2=" " tag="020">
      <subfield code="z">9781515713289</subfield>
      <subfield code="q">(library binding)</subfield>
    </datafield>
    <datafield ind1=" " ind2=" " tag="042">
      <subfield code="a">pcc</subfield>
    </datafield>
    <datafield ind1=" " ind2=" " tag="043">
      <subfield code="a">e-uk-en</subfield>
    </datafield>
    <datafield ind1="1" ind2="0" tag="050">
      <subfield code="a">PR6068.O93</subfield>
    </datafield>
    <datafield ind1="0" ind2="0" tag="082">
      <subfield code="a">823/.914</subfield>
      <subfield code="a">B</subfield>
      <subfield code="2">23</subfield>
    </datafield>
    <datafield ind1="1" ind2=" " tag="100">
      <subfield code="a">Hunsicker, Jennifer,</subfield>
      <subfield code="e">author.</subfield>
    </datafield>
    <datafield ind1="1" ind2="0" tag="245">
      <subfield code="a">J.K. Rowling :</subfield>
      <subfield code="b">author of the Harry Potter series /</subfield>
      <subfield code="c">by Jennifer Hunsicker.</subfield>
    </datafield>
    <datafield ind1=" " ind2=" " tag="263">
      <subfield code="a">1607</subfield>
    </datafield>
    <datafield ind1=" " ind2="1" tag="264">
      <subfield code="a">North Mankato, Minnesota :</subfield>
      <subfield code="b">Capstone Press,</subfield>
      <subfield code="c">2017.</subfield>
    </datafield>
    <datafield ind1=" " ind2=" " tag="300">
      <subfield code="a">1 online resource.</subfield>
    </datafield>
    <datafield ind1=" " ind2=" " tag="336">
      <subfield code="a">text</subfield>
      <subfield code="b">txt</subfield>
      <subfield code="2">rdacontent</subfield>
    </datafield>
    <datafield ind1=" " ind2=" " tag="337">
      <subfield code="a">computer</subfield>
      <subfield code="b">c</subfield>
      <subfield code="2">rdamedia</subfield>
    </datafield>
    <datafield ind1=" " ind2=" " tag="338">
      <subfield code="a">online resource</subfield>
      <subfield code="b">cr</subfield>
      <subfield code="2">rdacarrier</subfield>
    </datafield>
    <datafield ind1="0" ind2=" " tag="490">
      <subfield code="a">Famous female authors</subfield>
    </datafield>
    <datafield ind1=" " ind2=" " tag="504">
      <subfield code="a">Includes bibliographical references and index.</subfield>
    </datafield>
    <datafield ind1="0" ind2=" " tag="588">
      <subfield code="a">Print version record and CIP data provided by publisher; resource not viewed.</subfield>
    </datafield>
    <datafield ind1="1" ind2="0" tag="600">
      <subfield code="a">Rowling, J. K.</subfield>
      <subfield code="v">Juvenile literature.</subfield>
    </datafield>
    <datafield ind1=" " ind2="0" tag="650">
      <subfield code="a">Authors, English</subfield>
      <subfield code="y">20th century</subfield>
      <subfield code="v">Biography</subfield>
      <subfield code="v">Juvenile literature.</subfield>
    </datafield>
    <datafield ind1=" " ind2="0" tag="650">
      <subfield code="a">Children's stories</subfield>
      <subfield code="x">Authorship</subfield>
      <subfield code="v">Juvenile literature.</subfield>
    </datafield>
    <datafield ind1="1" ind2="7" tag="600">
      <subfield code="a">Rowling, J. K.</subfield>
      <subfield code="2">fast</subfield>
      <subfield code="0">(OCoLC)fst00401675</subfield>
    </datafield>
    <datafield ind1=" " ind2="7" tag="650">
      <subfield code="a">Authors, English.</subfield>
      <subfield code="2">fast</subfield>
      <subfield code="0">(OCoLC)fst00821945</subfield>
    </datafield>
    <datafield ind1=" " ind2="7" tag="650">
      <subfield code="a">Children's stories</subfield>
      <subfield code="x">Authorship.</subfield>
      <subfield code="2">fast</subfield>
      <subfield code="0">(OCoLC)fst00856634</subfield>
    </datafield>
    <datafield ind1=" " ind2="7" tag="648">
      <subfield code="a">1900-1999</subfield>
      <subfield code="2">fast</subfield>
    </datafield>
    <datafield ind1=" " ind2="7" tag="655">
      <subfield code="a">Biography.</subfield>
      <subfield code="2">fast</subfield>
      <subfield code="0">(OCoLC)fst01423686</subfield>
    </datafield>
    <datafield ind1=" " ind2="7" tag="655">
      <subfield code="a">Juvenile works.</subfield>
      <subfield code="2">fast</subfield>
      <subfield code="0">(OCoLC)fst01411637</subfield>
    </datafield>
    <datafield ind1="0" ind2="8" tag="776">
      <subfield code="i">Print version:</subfield>
      <subfield code="a">Hunsicker, Jennifer.</subfield>
      <subfield code="t">J.K. Rowling.</subfield>
      <subfield code="d">North Mankato, Minnesota : Capstone Press, 2017</subfield>
      <subfield code="z">9781515713289</subfield>
      <subfield code="w">(DLC)  2016005337</subfield>
    </datafield>
  </record>
</recordData>
</record>
</records>
<nextRecordPosition/>
<resultSetIdleTime/>
<echoedSearchRetrieveRequest xmlns:srw="http://www.loc.gov/zing/srw/">
<version>1.1</version>
<query>srw.bn="9781515713289" and srw.mt=bks</query>
<maximumRecords>5</maximumRecords>
<recordPacking>xml</recordPacking>
<startRecord>1</startRecord>
<sortKeys>LibraryCount,,0,Score,,0</sortKeys>
<wskey>wskey here</wskey>
<frbrGrouping>off</frbrGrouping>
<servicelevel>full</servicelevel>
</echoedSearchRetrieveRequest>
</searchRetrieveResponse>
